<record><leader>00000cas a22000007a 4500</leader><controlfield tag="001">19675720</controlfield><controlfield tag="008">890508d18961908moucr ne      0    0eng d</controlfield><datafield ind1=" " ind2=" " tag="010"><subfield code="a">sn 89066543 </subfield></datafield><datafield ind1=" " ind2=" " tag="040"><subfield code="a">MQN</subfield><subfield code="b">eng</subfield><subfield code="c">MQN</subfield><subfield code="d">OCLCQ</subfield></datafield><datafield ind1=" " ind2=" " tag="042"><subfield code="a">msc</subfield></datafield><datafield ind1="0" ind2="4" tag="245"><subfield code="a">The California dispatch.</subfield></datafield><datafield ind1="3" ind2="0" tag="246"><subfield code="a">Sunday morning dispatch</subfield></datafield><datafield ind1=" " ind2=" " tag="260"><subfield code="a">California, Mo. :</subfield><subfield code="b">Tillery &amp; Russell,</subfield><subfield code="c">1896-1908.</subfield></datafield><datafield ind1=" " ind2=" " tag="300"><subfield code="a">v.</subfield></datafield><datafield ind1=" " ind2=" " tag="310"><subfield code="a">Semiweekly</subfield></datafield><datafield ind1="0" ind2=" " tag="362"><subfield code="a">Vol. 1, no. 1 (July 16, 1896)-v. 26, no. 43 (May 29, 1908).</subfield></datafield><datafield ind1=" " ind2=" " tag="500"><subfield code="a">On Sunday published as: Sunday morning dispatch.</subfield></datafield><datafield ind1=" " ind2=" " tag="515"><subfield code="a">Sunday issues not numbered.</subfield></datafield><datafield ind1=" " ind2=" " tag="525"><subfield code="a">Supplement, 1897, published as: Daily fair dispatch.</subfield></datafield><datafield ind1=" " ind2=" " tag="752"><subfield code="a">United States</subfield><subfield code="b">Missouri</subfield><subfield code="c">Moniteau</subfield><subfield code="d">California.</subfield></datafield><datafield ind1="0" ind2="0" tag="780"><subfield code="t">Newspaper (California, Mo.)</subfield><subfield code="w">(DLC)sn 89066542</subfield></datafield><datafield ind1="0" ind2="0" tag="785"><subfield code="t">California democrat</subfield><subfield code="w">(DLC)sn 85033873</subfield></datafield></record>